% --------------------------------------------------------------------
% Bibliography
% Add your BibTeX entries below. Each entry should have a unique key
% that you can reference in the text using \cite{key}.
% --------------------------------------------------------------------
[Bibliography content]
